@book{leveque_2002, 
    place={Cambridge}, 
    series={Cambridge Texts in Applied Mathematics}, 
    title={Finite Volume Methods for Hyperbolic Problems}, 
    DOI={10.1017/CBO9780511791253}, 
    publisher={Cambridge University Press}, 
    author={LeVeque, Randall J.}, 
    year={2002}, 
    collection={Cambridge Texts in Applied Mathematics}
}
@book{toro,
      author        = {Toro, Eleuterio F},
      title         = {{Riemann solvers and numerical methods for fluid
dynamics: a practical introduction; 2nd ed.}},
      publisher     = {Springer},
      address       = {Berlin},
      year          = {1999},
      url           = {http://cds.cern.ch/record/404378}
}

@article{swebyHighResolutionSchemes1984,
  title = {High {{Resolution Schemes Using Flux Limiters}} for {{Hyperbolic Conservation Laws}}},
  author = {Sweby, P. K.},
  year = {1984},
  month = oct,
  volume = {21},
  pages = {995--1011},
  issn = {0036-1429, 1095-7170},
  doi = {10.1137/0721062},
  journal = {SIAM Journal on Numerical Analysis},
  language = {en},
  number = {5}
}

@PHDTHESIS{gearrt,
       author = {{Ivkovic}, Mladen},
        title = "{GEAR-RT: Towards Exa-Scale Moment Based Radiative Transfer For
Cosmological Simulations Using Task-Based Parallelism And Dynamic Sub-Cycling
with SWIFT}",
     keywords = {Astrophysics - Instrumentation and Methods for Astrophysics},
       school = {-},
         year = 2023,
        month = mar,
       adsurl = {https://ui.adsabs.harvard.edu/abs/2023PhDT.........3I},
      adsnote = {Provided by the SAO/NASA Astrophysics Data System}
}


